@article{mnih2015human,
  title={Human-level control through deep reinforcement learning},
  author={Mnih, Volodymyr and Kavukcuoglu, Koray and Silver, David and Rusu, Andrei A and Veness, Joel and Bellemare, Marc G and Graves, Alex and Riedmiller, Martin and Fidjeland, Andreas K and Ostrovski, Georg and others},
  journal={Nature},
  volume={518},
  number={7540},
  pages={529--533},
  year={2015},
  publisher={Nature Publishing Group}
}
@incollection{ramon2007transfer,
  title={Transfer learning in reinforcement learning problems through partial policy recycling},
  author={Ramon, Jan and Driessens, Kurt and Croonenborghs, Tom},
  booktitle={Machine Learning: ECML 2007},
  pages={699--707},
  year={2007},
  publisher={Springer}
}
@article{taylor2009transfer,
  title={Transfer learning for reinforcement learning domains: A survey},
  author={Taylor, Matthew E and Stone, Peter},
  journal={The Journal of Machine Learning Research},
  volume={10},
  pages={1633--1685},
  year={2009},
  publisher={JMLR. org}
}
% Caffe citation
@article{jia2014caffe,
  Author = {Jia, Yangqing and Shelhamer, Evan and Donahue, Jeff and Karayev, Sergey and Long, Jonathan and Girshick, Ross and Guadarrama, Sergio and Darrell, Trevor},
  Journal = {arXiv preprint arXiv:1408.5093},
  Title = {Caffe: Convolutional Architecture for Fast Feature Embedding},
  Year = {2014}
}
% Torch citation
@inproceedings{collobert2011torch7,
  title={Torch7: A matlab-like environment for machine learning},
  author={Collobert, Ronan and Kavukcuoglu, Koray and Farabet, Cl{\'e}ment},
  booktitle={BigLearn, NIPS Workshop},
  number={EPFL-CONF-192376},
  year={2011}
}
@article{silver2016mastering,
  title={Mastering the game of Go with deep neural networks and tree search},
  author={Silver, David and Huang, Aja and Maddison, Chris J and Guez, Arthur and Sifre, Laurent and van den Driessche, George and Schrittwieser, Julian and Antonoglou, Ioannis and Panneershelvam, Veda and Lanctot, Marc and others},
  journal={Nature},
  volume={529},
  number={7587},
  pages={484--489},
  year={2016},
  publisher={Nature Publishing Group}
}
@incollection{ramon2007transfer,
  title={Transfer learning in reinforcement learning problems through partial policy recycling},
  author={Ramon, Jan and Driessens, Kurt and Croonenborghs, Tom},
  booktitle={Machine Learning: ECML 2007},
  pages={699--707},
  year={2007},
  publisher={Springer}
}
@inproceedings{taylor2007cross,
  title={Cross-domain transfer for reinforcement learning},
  author={Taylor, Matthew E and Stone, Peter},
  booktitle={Proceedings of the 24th international conference on Machine learning},
  pages={879--886},
  year={2007},
  organization={ACM}
}
@inproceedings{taylor2008autonomous,
  title={Autonomous transfer for reinforcement learning},
  author={Taylor, Matthew E and Kuhlmann, Gregory and Stone, Peter},
  booktitle={Proceedings of the 7th international joint conference on Autonomous agents and multiagent systems-Volume 1},
  pages={283--290},
  year={2008},
  organization={International Foundation for Autonomous Agents and Multiagent Systems}
}
@article{taylor2007transfer,
  title={Transfer Learning via Inter-Task Mappings for Temporal Difference Learning.},
  author={Taylor, Matthew E and Stone, Peter and Liu, Yaxin},
  journal={Journal of Machine Learning Research},
  volume={8},
  number={1},
  pages={2125--2167},
  year={2007}
}